<?xml version="1.0" encoding="utf-8"?>
<record xmlns="http://www.loc.gov/MARC21/slim" xmlns:xsi="http://www.w3.org/2001/XMLSchema-instance" xsi:schemaLocation="http://www.loc.gov/MARC21/slim http://www.loc.gov/standards/marcxml/schema/MARC21slim.xsd">
	<leader>     nam a22     Mi 4500</leader>
	<controlfield tag="001">861135</controlfield>
	<controlfield tag="003">NjP</controlfield>
	<controlfield tag="006">m        d        </controlfield>
	<controlfield tag="007">cr cn |||m|||a</controlfield>
	<controlfield tag="008">200724s1897    ua      o     000 0 ara d</controlfield>
	<datafield ind1=" " ind2=" " tag="040">
		<subfield code="a">ZYU</subfield>
		<subfield code="b">ara</subfield>
		<subfield code="e">rda</subfield>
		<subfield code="c">ZYU</subfield>
	</datafield>
	<datafield ind1="1" ind2=" " tag="100">
		<subfield code="a">Rāfiʻī, ʻAbd al-Qādir ibn ʻAbd al-Laṭīf,</subfield>
		<subfield code="d">-1814 or 1815.</subfield>
	</datafield>
	<datafield ind1="1" ind2="0" tag="240">
		<subfield code="a">Iḥyāʼ al-qulūb sharḥ ʻUmdat al-wāṣilīn wa-kaʻbat al-sālikīn yanbūʻ</subfield>
	</datafield>
	<datafield ind1="1" ind2="0" tag="245">
		<subfield code="a">Kitāb iḥyāʼ al-qulūb sharḥ al-imām al-ʻārif billāh taʻālah ʻUmdat al-wāṣilīn wa-kaʻbat al-sālikīn yanbūʻ ʻilm al-ḥaqīqah wa-al-dīn mawlānā al-Shaykh ʻAbd al-Qādir al-Rāfiʻī al-Fārūqī al-Ṭarābulusī ʻalá ḥukum shaykhihi waliya Allāh ṣāḥib al-karāmāt al-ḍhāhirah wa-al-ishārāt al-bāhirah Sayyidī Maḥmūd al-Khallūtī.</subfield>
	</datafield>
	<datafield ind1=" " ind2=" " tag="260">
		<subfield code="a">[Egypt] :</subfield>
		<subfield code="b">al-Maṭbaʻah al-ʻIlmīyah,</subfield>
		<subfield code="c">1315 [1897 or 1898]</subfield>
	</datafield>
	<datafield ind1=" " ind2=" " tag="300">
		<subfield code="a">online resource (216 pages)</subfield>
	</datafield>
	<datafield ind1=" " ind2=" " tag="336">
		<subfield code="a">text</subfield>
		<subfield code="2">rdacontent</subfield>
	</datafield>
	<datafield ind1=" " ind2=" " tag="337">
		<subfield code="a">computer</subfield>
		<subfield code="2">rdamedia</subfield>
	</datafield>
	<datafield ind1=" " ind2=" " tag="338">
		<subfield code="a">online resource</subfield>
		<subfield code="2">rdacarrier</subfield>
	</datafield>
	<datafield ind1=" " ind2=" " tag="500">
		<subfield code="a">Part of the Arabic Collections Online (ACO) project, contributed by Princeton University Libraries.</subfield>
	</datafield>
	<datafield ind1=" " ind2=" " tag="533">
		<subfield code="a">Electronic reproduction.</subfield>
		<subfield code="b">New York, N.Y. :</subfield>
		<subfield code="c">New York University,</subfield>
		<subfield code="d">2020.</subfield>
		<subfield code="5">NNU</subfield>
	</datafield>
	<datafield ind1=" " ind2="0" tag="650">
		<subfield code="a">Sufism.</subfield>
	</datafield>
	<datafield ind1=" " ind2="7" tag="650">
		<subfield code="a">Sufism.</subfield>
		<subfield code="2">fast</subfield>
		<subfield code="0">(OCoLC)fst01137257</subfield>
	</datafield>
	<datafield ind1="2" ind2=" " tag="710">
		<subfield code="a">Princeton University.</subfield>
		<subfield code="b">Library.</subfield>
	</datafield>
	<datafield ind1="0" ind2=" " tag="730">
		<subfield code="a">Arabic Collections Online.</subfield>
	</datafield>
	<datafield ind1="0" ind2=" " tag="740">
		<subfield code="a">Iḥyāʼ al-qulūb sharḥ al-imām al-ʻĀrif billāh ʻumdat al-wāṣīlīn wa-kaʻbat al-sālikīn ...</subfield>
	</datafield>
	<datafield ind1="0" ind2="8" tag="776">
		<subfield code="i">Online version:</subfield>
		<subfield code="a">Rāfiʻī, ʻAbd al-Qādir ibn ʻAbd al-Laṭīf, -1814 or 15.</subfield>
		<subfield code="s">Iḥyāʼ al-qulūb sharḥ ʻUmdat al-wāṣilīn wa-kaʻbat al-sālikīn yanbūʻ.</subfield>
		<subfield code="t">Kitāb iḥyāʼ al-qulūb sharḥ al-imām al-ʻārif billāh taʻālah ʻUmdat al-wāṣilīn wa-kaʻbat al-sālikīn yanbūʻ ʻilm al-ḥaqīqah wa-al-dīn mawlānā al-Shaykh ʻAbd al-Qādir al-Rāfiʻī al-Fārūqī al-Ṭarābulusī ʻalá ḥukum shaykhihi waliya Allāh ṣāḥib al-karāmāt al-ḍhāhirah wa-al-ishārāt al-bāhirah Sayyidī Maḥmūd al-Khallūtī.</subfield>
		<subfield code="d">[Egypt] : al-Maṭbaʻah al-ʻIlmīyah, 1315 [1897 or 1898]</subfield>
		<subfield code="w">(OCoLC)656924711</subfield>
	</datafield>
	<datafield ind1="0" ind2="8" tag="776">
		<subfield code="i">Print version:</subfield>
		<subfield code="a">Rāfiʻī, ʻAbd al-Qādir ibn ʻAbd al-Laṭīf, -1814 or 1815.</subfield>
		<subfield code="t">Kitāb iḥyāʼ al-qulūb sharḥ al-imām al-ʻārif billāh taʻālah ʻUmdat al-wāṣilīn wa-kaʻbat al-sālikīn yanbūʻ ʻilm al-ḥaqīqah wa-al-dīn mawlānā al-Shaykh ʻAbd al-Qādir al-Rāfiʻī al-Fārūqī al-Ṭarābulusī ʻalá ḥukum shaykhihi waliya Allāh ṣāḥib al-karāmāt al-ḍhāhirah wa-al-ishārāt al-bāhirah Sayyidī Maḥmūd al-Khallūtī</subfield>
		<subfield code="w">(NjP)861135</subfield>
		<subfield code="w">(OCoLC)81476400</subfield>
	</datafield>
	<datafield ind1="4" ind2="0" tag="856">
		<subfield code="u">http://hdl.handle.net/2333.1/z34tn0j1</subfield>
	</datafield>
	<datafield ind1="4" ind2="0" tag="856">
		<subfield code="u">http://hdl.handle.net/2333.1/z34tn0j1</subfield>
	</datafield>
	<datafield ind1=" " ind2=" " tag="959">
		<subfield code="a">NNU</subfield>
		<subfield code="b">WEB</subfield>
		<subfield code="c">GENI</subfield>
		<subfield code="t">0</subfield>
		<subfield code="m">Electronic access</subfield>
		<subfield code="s">01</subfield>
	</datafield>
	<datafield ind1=" " ind2=" " tag="959">
		<subfield code="a">NNU</subfield>
		<subfield code="b">WEB</subfield>
		<subfield code="c">GENI</subfield>
		<subfield code="t">0</subfield>
		<subfield code="m">Electronic access</subfield>
		<subfield code="s">01</subfield>
	</datafield>
	<datafield ind1=" " ind2=" " tag="999">
		<subfield code="i">NjP_861135</subfield>
		<subfield code="o">(OCoLC)ocm81476400 </subfield>
		<subfield code="s">princeton_aco004615:</subfield>
		<subfield code="e">(ERROR-880)(ERROR-MISC)</subfield>
	</datafield>
</record>
